@misc{Taylor,
author = "Mariano Banzo Marraco",
title = "Series de Taylor\par",
note = "http://recursostic.educacion.es/descartes/web/materialesdidacticos/Desarrolloserietaylor.htm"
}

@misc{LaTeXpg,
title = "Manual de LaTeX",
note = "http://es.wikipedia.org/wiki/LaTeX"
}
 @misc{Python,
 title = "Manual de Python",
 note = "http://es.wikipedia.org/wiki/Python"
 }
 
@misc{Beamer,
title = "Beamer",
note = "http://es.wikipedia.org/wiki/Beamer"
}