@misc{Taylor,
author = "Mariano Banzo Marraco",
title = "Series de Taylor",
note = "http://recursostic.educacion.es/descartes/web/materiales_didacticos/Desarrollo_serie_taylor/Desarrollo_en_serie_de_taylor.htm"
}
@misc{wikitay,
title = "Informacion de Taylor",
note = "http://es.wikipedia.org/wiki/Serie_de_Taylor"
}