@misc{Taylor,
author = "Mariano Banzo Marraco",
title = "Series de Taylor\par",
note = "http://recursostic.educacion.es/descartes/web/materialesdidacticos/Desarrolloserietaylor.htm"
}

@misc{LaTeXpg,
author = "Nikos Dracos",
title = "Manual de LaTeX",
note = "http://www.fceia.unr.edu.ar/lcc/cdrom/\\Instalaciones/LaTex/latex.html"
}